@techreport{C11,
    type = {Standard},
    key = {ISO/IEC},
    month = dec,
    year = {2011},
    title = {{ISO/IEC 9899:2011 -- Information technology -- Programming languages -- C}},
    address = {Geneva, CH},
    institution = {International Organization for Standardization}
}

@techreport{CPP14,
    type = {Standard},
    key = {ISO/IEC},
    month = dec,
    year = {2014},
    title = {{ISO/IEC 14882:2014 -- Information technology -- Programming languages -- C++}},
    address = {Geneva, CH},
    institution = {International Organization for Standardization}
}

@techreport{ADA12,
    type = {Standard},
    key = {ISO/IEC},
    month = dec,
    year = {2012},
    title = {{ISO/IEC 8652:2012 -- Information technology -- Programming languages -- Ada}},
    address = {Geneva, CH},
    institution = {International Organization for Standardization}
}

@misc{golang,
    author = {{Google Inc.}},
    title = {{The Go Programming Language}},
    year = "2016",
    howpublished = "\url{https://golang.org/ref/spec}",
}

@misc{D,
    title = {{D Programming Language}},
    author = {{Bright}, {Walter} and {Alexandrescu}, {Andrei} et al.},
    year = "2016",
    howpublished = "\url{http://dlang.org/spec/spec.html}"
}

@misc{rust,
    title = {{Introduction - The Rust Reference}},
    year = "2017",
    author = {{Hoare}, {Graydon} et al.}},
    howpublished = "\url{https://doc.rust-lang.org/reference/}"
}

@misc{tiobe,
    author = {{TIOBE software BV}},
    title = {{TIOBE index}},
    howpublished = "\url{https://www.tiobe.com/tiobe-index}",
    year = {2018}
}
@misc{octoverse,
    author = {{GitHub Inc.}},
    title = {GitHub Octoverse 2017 | Highlights from the last twelve months},
    howpublished = {\url{https://octoverse.github.com/}},
    month = dec,
    year = {2017},
    note = {(Accessed on 02/05/2018)}
}

@misc{benchmarks,
    author = {Gouy, Isaac},
    title = {The Computer Language Benchmarks Game},
    howpublished = {\url{http://benchmarksgame.alioth.debian.org/}},
    year = {2018}
}
