@techreport{C11,
    type = {Standard},
    key = {ISO/IEC 9899:2011},
    month = dec,
    year = {2011},
    title = {{Information technology -- Programming languages -- C}},
    volume = {2011},
    address = {Geneva, CH},
    institution = {International Organization for Standardization}
}

@techreport{CPP14,
    type = {Standard},
    key = {ISO/IEC 14882:2014},
    month = dec,
    year = {2014},
    title = {{Information technology -- Programming languages -- C++}},
    volume = {2014},
    address = {Geneva, CH},
    institution = {International Organization for Standardization}
}

@techreport{ADA12,
    type = {Standard},
    key = {ISO/IEC 8652:2012},
    month = dec,
    year = {2012},
    title = {{Information technology -- Programming languages -- Ada}},
    volume = {2012},
    address = {Geneva, CH},
    institution = {International Organization for Standardization}
}

@misc{golang,
    title = "The Go Programming Language",
    year = "2016",
    howpublished = "\url{https://golang.org/ref/spec}",
}

@misc{D,
    title = "D Programming Language",
    year = "2016",
    howpublished = "\url{http://dlang.org/spec/spec.html}"
}

