@techreport{C11,
    type = {Standard},
    key = {ISO/IEC},
    year = {2011},
    title = {{ISO/IEC 9899:2011 -- Information technology -- Programming languages -- C}},
    address = {Geneva, CH},
    institution = {International Organization for Standardization}
}

@techreport{CPP14,
    type = {Standard},
    key = {ISO/IEC},
    year = {2014},
    title = {{ISO/IEC 14882:2014 -- Information technology -- Programming languages -- C++}},
    address = {Geneva, CH},
    institution = {International Organization for Standardization}
}

@techreport{ADA12,
    type = {Standard},
    key = {ISO/IEC},
    year = {2012},
    title = {{ISO/IEC 8652:2012 -- Information technology -- Programming languages -- Ada}},
    address = {Geneva, CH},
    institution = {International Organization for Standardization}
}

@misc{golang,
    author = {{Google, Inc.}},
    title = {{The Go Programming Language}},
    year = "2016",
    howpublished = {{\\\url{https://golang.org/ref/spec}}},
}

@misc{D,
    title = {{D Programming Language}},
    author = {{Bright}, {Walter} and {Alexandrescu}, {Andrei} et al.},
    year = "2016",
    howpublished = {{\\\url{http://dlang.org/spec/spec.html}}}
}

@misc{rust,
    title = {{Introduction - The Rust Reference}},
    year = "2017",
    author = {{Hoare}, {Graydon} et al.},
    howpublished = {{\\\url{https://doc.rust-lang.org/reference/}}}
}

@misc{tiobe,
    author = {{TIOBE software BV}},
    title = {{TIOBE index}},
    howpublished = {{\\\url{https://www.tiobe.com/tiobe-index}}},
    year = {2018}
}
@misc{octoverse,
    author = {{GitHub, Inc.}},
    title = {{GitHub Octoverse 2017 | Highlights from the last twelve months}},
    howpublished = {{\\\url{https://octoverse.github.com/}}},
    year = {2017}
}

@misc{benchmarks,
    author = {Gouy, Isaac},
    title = {{The Computer Language Benchmarks Game}},
    howpublished = {{\\\url{http://benchmarksgame.alioth.debian.org/}}},
    year = {2018}
}

@misc{python,
    author = {{Python Software Foundation}},
    title = {{Welcome to Python.org}},
    howpublished = {{\\\url{https://www.python.org/}}},
    year = {2018}
}

@misc{pythonffi,
    author = {{Python Software Foundation}},
    title = {{16.16. ctypes — A foreign function library for Python — Python 3.6.4 documentation}},
    howpublished = {{\\\url{https://docs.python.org/3/library/ctypes.html}}},
    year = {2018}
}

@misc{apachetldr,
    author = {{FOSSA, Inc.}},
    title = {{Apache License 2.0 (Apache-2.0) Explained in Plain English - TLDRLegal}},
    howpublished = {{\\\url{https://tldrlegal.com/license/apache-license-2.0-(apache-2.0)}}},
    year = {2015}
}

@misc{gpl3tldr,
    author = {{FOSSA, Inc.}},
    title = {{GNU General Public License v3 (GPL-3) Explained in Plain English - TLDRLegal}},
    howpublished = {{\url{https://tldrlegal.com/license/gnu-general-public-license-v3-(gpl-3)}}},
    year = {2015}
}

@misc{clisp1,
    author = {Baca, Jonathan},
    title = {{eratosthenesia/lispc: ``Lispsy'' Lisp(ish) to C Converter (designed for CLISP)}},
    howpublished = {{\url{https://github.com/eratosthenesia/lispc}}},
    year = {2016}
}

@misc{clisp2,
    author = {kiselgra},
    title = {kiselgra/c-mera},
    howpublished = {{\url{https://github.com/kiselgra/c-mera}}},
    year = {2018},
}

@misc{nymph,
    author = {Barber, Brandon},
    title = {roecrew/nymph: A slightly different version of C.},
    howpublished = {{\\\url{https://github.com/roecrew/nymph}}},
    year = {2017}
}

@misc{dbetterc,
    author = {{D Language Foundation}},
    title = {Better C - D Programming Language},
    howpublished = {{\\\url{https://dlang.org/spec/betterc.html}}},
    year = "2016"
}

@misc{billiondollars,
    author = {Tony Hoare},
    title = {{Null References: The Billion Dollar Mistake}},
    howpublished = {{\\\url{https://www.infoq.com/presentations/Null-References-The-Billion-Dollar-Mistake-Tony-Hoare}}},
    year = {2009}
}

@misc{rustmacros,
    author = {{Hoare}, {Graydon} et al.},
    title = {Macros - The Rust Programming Language},
    howpublished = {{\url{https://doc.rust-lang.org/book/first-edition/macros.html#the-deep-end}}},
    year = "2017"
}

@misc{gotourdefer,
    author = {{Google, Inc.}},
    title = {A Tour of Go},
    howpublished = {{\url{https://tour.golang.org/}}},
    year = {2018}
}

@misc{gccnested,
    author = {{Free Software Foundation, Inc.}},
    title = {Using the GNU Compiler Collection (GCC): Nested Functions},
    howpublished = {{\\\url{https://gcc.gnu.org/onlinedocs/gcc/Nested-Functions.html}}},
    year = {2018}
}

@inproceedings{cppclosure,
    author = {Breuel, Thomas M.},
    title = {{Lexical Closures for C++}},
    booktitle = {{C++ Conference Proceedings}},
    pages = {293--304},
    year = {1988},
    publisher = {{USENIX} Association},
    organization = {{MIT Artificial Intelligence Laboratory}}
}

@misc{licensescraper,
    author = {Hannikainen, Jaakko},
    title = {licensescraper.sh},
    howpublished = {{\\\url{https://gist.github.com/jgke/087fe488542b284eee938ef3bf703f1f}}},
    year = {2018}
}

@techreport{iso14977,
    type = {Standard},
    key = {ISO/IEC},
    year = {1996},
    title = {{ISO/IEC 14966:1996(E) -- Information technology -- Syntactic metalanguage -- Extended BNF}},
    address = {Geneva, CH},
    institution = {International Organization for Standardization}
}

@misc{pythonsyntax,
    author = {{Python Software Foundation}},
    title = {{10. Full Grammar specification — Python 3.6.5rc1 documentation}},
    howpublished = {{\\\url{https://docs.python.org/3/reference/grammar.html}}},
    year = {2018}
}

@misc{haskellsyntax,
    editor = {Marlow, Simon},
    title = {{10 Syntax Reference}},
    howpublished = {{\url{https://www.haskell.org/onlinereport/haskell2010/haskellch10.html}}},
    year = {2010}
}
